@article{yacchirema2018fall,
  title={Fall detection system for elderly people using IoT and Big Data},
  author={Yacchirema, Diana and de Puga, Jara Su{\'a}rez and Palau, Carlos and Esteve, Manuel},
  journal={Procedia computer science},
  volume={130},
  pages={603--610},
  year={2018},
  publisher={Elsevier}
}


@misc{plaza2011estudio,
	title={{Estudio y Seleccion de las Tecnicas SIFT SURF y ASIF de Reconocimiento de Imagenes para el Dise{\~n}o de un Prototipo en Dispositivos Moviles}},
	author={Plaza, AM and Zambrano, JL},
	publisher={Universidad Polit{\'e}cnica Salesiana, Cuenca-Ecuador},
	howpublished={\url{https://dspace.ups.edu.ec/handle/123456789/1259}},
	year={2011}
}

@misc{ochoa2014diseno,
	title={Dise{\~n}o e implementaci{\'o}n de un asistente m{\'o}vil con desplazamiento aut{\'o}nomo basado en dispositivos Android},
	author={Ochoa Zambrano, Juan Sebasti{\'a}n},
	publisher={Universidad Polit{\'e}cnica Salesiana, Cuenca-Ecuador},
	howpublished={\url{https://dspace.ups.edu.ec/handle/123456789/7225}},
	year={2014}
}

@inproceedings{ochoa2016new,
	title={A New Hand Gesture Recognition Approach for Robotic Assistants Based on Mobile Devices},
	author={Ochoa-Zambrano, JS and Robles-Bykbaev, VE and Flores-Tapia, TE and Doutreloigne, Jan},
	booktitle={International Conference on Software and Information Systems (ICSIS 2015)},
	volume={4},
	number={1},
	pages={96--99},
	year={2016},
	howpublished={\url{http://www.ijeee.net/uploadfile/2015/0911/20150911054418247.pdf}}
}

@inproceedings{robles2015speltra,
	title={SPELTRA: A robotic assistant for speech-and-language therapy},
	author={Robles-Bykbaev, Vladimir and L{\'o}pez-Nores, Mart{\'\i}n and Ochoa-Zambrano, Juan and Garc{\'\i}a-Duque, Jorge and Pazos-Arias, Jos{\'e} Juan},
	booktitle={International Conference on Universal Access in Human-Computer Interaction},
	pages={525--534},
	year={2015},
	organization={Springer}
}